<record><leader>00000cas a2200000 a 4500</leader><controlfield tag="001">231311957</controlfield><controlfield tag="008">080609d18881uuugaumr ne      |    0eng c</controlfield><datafield ind1=" " ind2=" " tag="010"><subfield code="a">  2008233141</subfield></datafield><datafield ind1=" " ind2=" " tag="040"><subfield code="a">GUA</subfield><subfield code="b">eng</subfield><subfield code="c">GUA</subfield><subfield code="d">GUA</subfield><subfield code="d">OCLCQ</subfield><subfield code="d">OCLCO</subfield></datafield><datafield ind1=" " ind2=" " tag="042"><subfield code="a">pcc</subfield></datafield><datafield ind1=" " ind2=" " tag="043"><subfield code="a">n-us-ga</subfield></datafield><datafield ind1="1" ind2="4" tag="050"><subfield code="a">AN13.G16</subfield><subfield code="b">C65</subfield></datafield><datafield ind1="0" ind2="4" tag="245"><subfield code="a">The college belle.</subfield></datafield><datafield ind1=" " ind2=" " tag="260"><subfield code="a">Gainesville, Ga. :</subfield><subfield code="b">Litereary Societies of the Gainesville College</subfield></datafield><datafield ind1=" " ind2=" " tag="310"><subfield code="a">Monthly</subfield></datafield><datafield ind1="1" ind2=" " tag="362"><subfield code="a">Began in 1888.</subfield></datafield><datafield ind1=" " ind2=" " tag="588"><subfield code="a">Description based on: Vol. 1, no. 5 (June 1888); title from caption.</subfield></datafield><datafield ind1="2" ind2="0" tag="610"><subfield code="a">Gainesville College (1874-1892)</subfield><subfield code="v">Newspapers.</subfield></datafield><datafield ind1=" " ind2="0" tag="651"><subfield code="a">Gainesville (Ga.)</subfield><subfield code="v">Newspapers.</subfield></datafield><datafield ind1="2" ind2=" " tag="710"><subfield code="a">Gainesville College (1874-1892)</subfield></datafield><datafield ind1=" " ind2=" " tag="752"><subfield code="a">United States</subfield><subfield code="b">Georgia</subfield><subfield code="c">Hall</subfield><subfield code="d">Gainesville.</subfield></datafield></record>